@ARTICLE{2017JCAP...07..014H,
   author = {{Hamaus}, N. and {Cousinou}, M.-C. and {Pisani}, A. and {Aubert}, M. and 
	{Escoffier}, S. and {Weller}, J.},
    title = "{Multipole analysis of redshift-space distortions around cosmic voids}",
  journal = {\jcap},
archivePrefix = "arXiv",
   eprint = {1705.05328},
     year = 2017,
    month = jul,
   volume = 7,
      eid = {014},
    pages = {014},
      doi = {10.1088/1475-7516/2017/07/014},
   adsurl = {http://adsabs.harvard.edu/abs/2017JCAP...07..014H},
  adsnote = {Provided by the SAO/NASA Astrophysics Data System}
}

@ARTICLE{2017MNRAS.469..787P,
   author = {{Pollina}, G. and {Hamaus}, N. and {Dolag}, K. and {Weller}, J. and 
	{Baldi}, M. and {Moscardini}, L.},
    title = "{On the linearity of tracer bias around voids}",
  journal = {\mnras},
archivePrefix = "arXiv",
   eprint = {1610.06176},
 keywords = {cosmology: theory, large-scale structure of Universe, dark matter, methods: numerical},
     year = 2017,
    month = jul,
   volume = 469,
    pages = {787-799},
      doi = {10.1093/mnras/stx785},
   adsurl = {http://adsabs.harvard.edu/abs/2017MNRAS.469..787P},
  adsnote = {Provided by the SAO/NASA Astrophysics Data System}
}

@ARTICLE{2014PhRvL.112y1302H,
   author = {{Hamaus}, N. and {Sutter}, P.~M. and {Wandelt}, B.~D.},
    title = "{Universal Density Profile for Cosmic Voids}",
  journal = {Physical Review Letters},
archivePrefix = "arXiv",
   eprint = {1403.5499},
 keywords = {Observational cosmology, Superclusters, large-scale structure of the Universe},
     year = 2014,
    month = jun,
   volume = 112,
   number = 25,
      eid = {251302},
    pages = {251302},
      doi = {10.1103/PhysRevLett.112.251302},
   adsurl = {http://adsabs.harvard.edu/abs/2014PhRvL.112y1302H},
  adsnote = {Provided by the SAO/NASA Astrophysics Data System}
}

@ARTICLE{2014MNRAS.442..462S,
   author = {{Sutter}, P.~M. and {Lavaux}, G. and {Hamaus}, N. and {Wandelt}, B.~D. and 
	{Weinberg}, D.~H. and {Warren}, M.~S.},
    title = "{Sparse sampling, galaxy bias, and voids}",
  journal = {\mnras},
archivePrefix = "arXiv",
   eprint = {1309.5087},
 keywords = {methods: data analysis, methods: numerical, cosmology: theory, large-scale structure of Universe},
     year = 2014,
    month = jul,
   volume = 442,
    pages = {462-471},
      doi = {10.1093/mnras/stu893},
   adsurl = {http://adsabs.harvard.edu/abs/2014MNRAS.442..462S},
  adsnote = {Provided by the SAO/NASA Astrophysics Data System}
}

@INPROCEEDINGS{2016IAUS..308..542N,
   author = {{Nadathur}, S. and {Hotchkiss}, S. and {Diego}, J.~M. and {Iliev}, I.~T. and 
	{Gottl{\"o}ber}, S. and {Watson}, W.~A. and {Yepes}, G.},
    title = "{Universal void density profiles from simulation and SDSS}",
 keywords = {catalogues, cosmology: observations, large-scale structure of Universe, methods: numerical, methods: data analysis,},
booktitle = {The Zeldovich Universe: Genesis and Growth of the Cosmic Web},
     year = 2016,
   series = {IAU Symposium},
   volume = 308,
archivePrefix = "arXiv",
   eprint = {1412.8372},
   editor = {{van de Weygaert}, R. and {Shandarin}, S. and {Saar}, E. and 
	{Einasto}, J.},
    month = oct,
    pages = {542-545},
      doi = {10.1017/S1743921316010541},
   adsurl = {http://adsabs.harvard.edu/abs/2016IAUS..308..542N},
  adsnote = {Provided by the SAO/NASA Astrophysics Data System}
}

@ARTICLE{2004ApJ...605....1G,
   author = {{Goldberg}, D.~M. and {Vogeley}, M.~S.},
    title = "{Simulating Voids}",
  journal = {\apj},
   eprint = {astro-ph/0307191},
 keywords = {Cosmology: Theory, Cosmology: Large-Scale Structure of Universe, methods: N-body simulations},
     year = 2004,
    month = apr,
   volume = 605,
    pages = {1-6},
      doi = {10.1086/382143},
   adsurl = {http://adsabs.harvard.edu/abs/2004ApJ...605....1G},
  adsnote = {Provided by the SAO/NASA Astrophysics Data System}
}

@ARTICLE{2015MNRAS.447.2683A,
   author = {{Alonso}, D. and {Eardley}, E. and {Peacock}, J.~A.},
    title = "{Halo abundances within the cosmic web}",
  journal = {\mnras},
archivePrefix = "arXiv",
   eprint = {1406.4159},
 keywords = {large-scale structure of Universe},
     year = 2015,
    month = mar,
   volume = 447,
    pages = {2683-2695},
      doi = {10.1093/mnras/stu2632},
   adsurl = {http://adsabs.harvard.edu/abs/2015MNRAS.447.2683A},
  adsnote = {Provided by the SAO/NASA Astrophysics Data System}
}

@ARTICLE{2009MNRAS.394.2109M,
   author = {{Martino}, M.~C. and {Sheth}, R.~K.},
    title = "{On the equivalence between the effective cosmology and excursion set treatments of environment}",
  journal = {\mnras},
archivePrefix = "arXiv",
   eprint = {0901.0757},
 primaryClass = "astro-ph.CO",
 keywords = {methods: analytical , dark matter , large-scale structure of Universe},
     year = 2009,
    month = apr,
   volume = 394,
    pages = {2109-2112},
      doi = {10.1111/j.1365-2966.2009.14467.x},
   adsurl = {http://adsabs.harvard.edu/abs/2009MNRAS.394.2109M},
  adsnote = {Provided by the SAO/NASA Astrophysics Data System}
}

@ARTICLE{2003MNRAS.344..715G,
   author = {{Gottl{\"o}ber}, S. and {{\L}okas}, E.~L. and {Klypin}, A. and 
	{Hoffman}, Y.},
    title = "{The structure of voids}",
  journal = {\mnras},
   eprint = {astro-ph/0305393},
 keywords = {cosmology: theory, dark matter, large-scale structure of Universe},
     year = 2003,
    month = sep,
   volume = 344,
    pages = {715-724},
      doi = {10.1046/j.1365-8711.2003.06850.x},
   adsurl = {http://adsabs.harvard.edu/abs/2003MNRAS.344..715G},
  adsnote = {Provided by the SAO/NASA Astrophysics Data System}
}

